%YAML 1.1
%TAG !u! tag:unity3d.com,2011:
--- !u!1 &3646359765940259279
GameObject:
  m_ObjectHideFlags: 0
  m_CorrespondingSourceObject: {fileID: 0}
  m_PrefabInstance: {fileID: 0}
  m_PrefabAsset: {fileID: 0}
  serializedVersion: 6
  m_Component:
  - component: {fileID: 3646359765940259265}
  - component: {fileID: 3646359765940259264}
  m_Layer: 0
  m_Name: BezierSpline
  m_TagString: Untagged
  m_Icon: {fileID: 0}
  m_NavMeshLayer: 0
  m_StaticEditorFlags: 0
  m_IsActive: 1
--- !u!4 &3646359765940259265
Transform:
  m_ObjectHideFlags: 0
  m_CorrespondingSourceObject: {fileID: 0}
  m_PrefabInstance: {fileID: 0}
  m_PrefabAsset: {fileID: 0}
  m_GameObject: {fileID: 3646359765940259279}
  m_LocalRotation: {x: 0, y: 0, z: 0, w: 1}
  m_LocalPosition: {x: 0, y: 0, z: 0}
  m_LocalScale: {x: 1, y: 1, z: 1}
  m_Children:
  - {fileID: 8982929425530690635}
  - {fileID: 8982929425561668522}
  m_Father: {fileID: 0}
  m_RootOrder: 0
  m_LocalEulerAnglesHint: {x: 0, y: 0, z: 0}
--- !u!114 &3646359765940259264
MonoBehaviour:
  m_ObjectHideFlags: 0
  m_CorrespondingSourceObject: {fileID: 0}
  m_PrefabInstance: {fileID: 0}
  m_PrefabAsset: {fileID: 0}
  m_GameObject: {fileID: 3646359765940259279}
  m_Enabled: 1
  m_EditorHideFlags: 0
  m_Script: {fileID: 11500000, guid: a3dbf94c21a22d74d895b2051a04ba1e, type: 3}
  m_Name: 
  m_EditorClassIdentifier: 
  pointPrefab: {fileID: 0}
  loop: 0
  drawGizmos: 1
--- !u!1001 &3646359765220181989
PrefabInstance:
  m_ObjectHideFlags: 0
  serializedVersion: 2
  m_Modification:
    m_TransformParent: {fileID: 3646359765940259265}
    m_Modifications:
    - target: {fileID: 5635056857563794496, guid: 4a990a42de7174f418547450e649e061,
        type: 3}
      propertyPath: m_Name
      value: Point
      objectReference: {fileID: 0}
    - target: {fileID: 5635056857563794511, guid: 4a990a42de7174f418547450e649e061,
        type: 3}
      propertyPath: m_LocalPosition.x
      value: 1
      objectReference: {fileID: 0}
    - target: {fileID: 5635056857563794511, guid: 4a990a42de7174f418547450e649e061,
        type: 3}
      propertyPath: m_LocalPosition.y
      value: 0
      objectReference: {fileID: 0}
    - target: {fileID: 5635056857563794511, guid: 4a990a42de7174f418547450e649e061,
        type: 3}
      propertyPath: m_LocalPosition.z
      value: 0
      objectReference: {fileID: 0}
    - target: {fileID: 5635056857563794511, guid: 4a990a42de7174f418547450e649e061,
        type: 3}
      propertyPath: m_LocalRotation.x
      value: 0
      objectReference: {fileID: 0}
    - target: {fileID: 5635056857563794511, guid: 4a990a42de7174f418547450e649e061,
        type: 3}
      propertyPath: m_LocalRotation.y
      value: 0
      objectReference: {fileID: 0}
    - target: {fileID: 5635056857563794511, guid: 4a990a42de7174f418547450e649e061,
        type: 3}
      propertyPath: m_LocalRotation.z
      value: 0
      objectReference: {fileID: 0}
    - target: {fileID: 5635056857563794511, guid: 4a990a42de7174f418547450e649e061,
        type: 3}
      propertyPath: m_LocalRotation.w
      value: 1
      objectReference: {fileID: 0}
    - target: {fileID: 5635056857563794511, guid: 4a990a42de7174f418547450e649e061,
        type: 3}
      propertyPath: m_RootOrder
      value: 1
      objectReference: {fileID: 0}
    - target: {fileID: 5635056857563794511, guid: 4a990a42de7174f418547450e649e061,
        type: 3}
      propertyPath: m_LocalEulerAnglesHint.x
      value: 0
      objectReference: {fileID: 0}
    - target: {fileID: 5635056857563794511, guid: 4a990a42de7174f418547450e649e061,
        type: 3}
      propertyPath: m_LocalEulerAnglesHint.y
      value: 0
      objectReference: {fileID: 0}
    - target: {fileID: 5635056857563794511, guid: 4a990a42de7174f418547450e649e061,
        type: 3}
      propertyPath: m_LocalEulerAnglesHint.z
      value: 0
      objectReference: {fileID: 0}
    m_RemovedComponents: []
  m_SourcePrefab: {fileID: 100100000, guid: 4a990a42de7174f418547450e649e061, type: 3}
--- !u!4 &8982929425561668522 stripped
Transform:
  m_CorrespondingSourceObject: {fileID: 5635056857563794511, guid: 4a990a42de7174f418547450e649e061,
    type: 3}
  m_PrefabInstance: {fileID: 3646359765220181989}
  m_PrefabAsset: {fileID: 0}
--- !u!1001 &3646359765318176772
PrefabInstance:
  m_ObjectHideFlags: 0
  serializedVersion: 2
  m_Modification:
    m_TransformParent: {fileID: 3646359765940259265}
    m_Modifications:
    - target: {fileID: 5635056857563794496, guid: 4a990a42de7174f418547450e649e061,
        type: 3}
      propertyPath: m_Name
      value: Point
      objectReference: {fileID: 0}
    - target: {fileID: 5635056857563794511, guid: 4a990a42de7174f418547450e649e061,
        type: 3}
      propertyPath: m_LocalPosition.x
      value: -1
      objectReference: {fileID: 0}
    - target: {fileID: 5635056857563794511, guid: 4a990a42de7174f418547450e649e061,
        type: 3}
      propertyPath: m_LocalPosition.y
      value: 0
      objectReference: {fileID: 0}
    - target: {fileID: 5635056857563794511, guid: 4a990a42de7174f418547450e649e061,
        type: 3}
      propertyPath: m_LocalPosition.z
      value: 0
      objectReference: {fileID: 0}
    - target: {fileID: 5635056857563794511, guid: 4a990a42de7174f418547450e649e061,
        type: 3}
      propertyPath: m_LocalRotation.x
      value: 0
      objectReference: {fileID: 0}
    - target: {fileID: 5635056857563794511, guid: 4a990a42de7174f418547450e649e061,
        type: 3}
      propertyPath: m_LocalRotation.y
      value: 0
      objectReference: {fileID: 0}
    - target: {fileID: 5635056857563794511, guid: 4a990a42de7174f418547450e649e061,
        type: 3}
      propertyPath: m_LocalRotation.z
      value: 0
      objectReference: {fileID: 0}
    - target: {fileID: 5635056857563794511, guid: 4a990a42de7174f418547450e649e061,
        type: 3}
      propertyPath: m_LocalRotation.w
      value: 1
      objectReference: {fileID: 0}
    - target: {fileID: 5635056857563794511, guid: 4a990a42de7174f418547450e649e061,
        type: 3}
      propertyPath: m_RootOrder
      value: 0
      objectReference: {fileID: 0}
    - target: {fileID: 5635056857563794511, guid: 4a990a42de7174f418547450e649e061,
        type: 3}
      propertyPath: m_LocalEulerAnglesHint.x
      value: 0
      objectReference: {fileID: 0}
    - target: {fileID: 5635056857563794511, guid: 4a990a42de7174f418547450e649e061,
        type: 3}
      propertyPath: m_LocalEulerAnglesHint.y
      value: 0
      objectReference: {fileID: 0}
    - target: {fileID: 5635056857563794511, guid: 4a990a42de7174f418547450e649e061,
        type: 3}
      propertyPath: m_LocalEulerAnglesHint.z
      value: 0
      objectReference: {fileID: 0}
    m_RemovedComponents: []
  m_SourcePrefab: {fileID: 100100000, guid: 4a990a42de7174f418547450e649e061, type: 3}
--- !u!4 &8982929425530690635 stripped
Transform:
  m_CorrespondingSourceObject: {fileID: 5635056857563794511, guid: 4a990a42de7174f418547450e649e061,
    type: 3}
  m_PrefabInstance: {fileID: 3646359765318176772}
  m_PrefabAsset: {fileID: 0}
